@article{chamberlain2017neural,
	title={Neural Embeddings of Graphs in Hyperbolic Space},
	author={Chamberlain, Benjamin Paul and Clough, James and Deisenroth, Marc Peter},
	journal={arXiv preprint arXiv:1705.10359},
	year={2017}
}

@inproceedings{sarkar2011low,
	title={Low distortion delaunay embedding of trees in hyperbolic plane},
	author={Sarkar, Rik},
	booktitle={International Symposium on Graph Drawing},
	pages={355--366},
	year={2011},
	organization={Springer}
}

@inproceedings{kleinberg2007geographic,
	title={Geographic routing using hyperbolic space},
	author={Kleinberg, Robert},
	booktitle={INFOCOM 2007. 26th IEEE International Conference on Computer Communications. IEEE},
	pages={1902--1909},
	year={2007},
	organization={IEEE}
}

@article{boguna2010sustaining,
	title={Sustaining the internet with hyperbolic mapping},
	author={Bogun{\'a}, Mari{\'a}n and Papadopoulos, Fragkiskos and Krioukov, Dmitri},
	journal={Nature communications},
	volume={1},
	pages={62},
	year={2010},
	publisher={Nature Publishing Group}
}

@article{gibert2012graph,
	title={Graph embedding in vector spaces by node attribute statistics},
	author={Gibert, Jaume and Valveny, Ernest and Bunke, Horst},
	journal={Pattern Recognition},
	volume={45},
	number={9},
	pages={3072--3083},
	year={2012},
	publisher={Elsevier}
}

@inproceedings{li2017attributed,
	title={Attributed network embedding for learning in a dynamic environment},
	author={Li, Jundong and Dani, Harsh and Hu, Xia and Tang, Jiliang and Chang, Yi and Liu, Huan},
	booktitle={Proceedings of the 2017 ACM on Conference on Information and Knowledge Management},
	pages={387--396},
	year={2017},
	organization={ACM}
}

@inproceedings{niepert2016learning,
	title={Learning convolutional neural networks for graphs},
	author={Niepert, Mathias and Ahmed, Mohamed and Kutzkov, Konstantin},
	booktitle={International conference on machine learning},
	pages={2014--2023},
	year={2016}
}

@article{liao2018attributed,
	title={Attributed social network embedding},
	author={Liao, Lizi and He, Xiangnan and Zhang, Hanwang and Chua, Tat-Seng},
	journal={IEEE Transactions on Knowledge and Data Engineering},
	volume={30},
	number={12},
	pages={2257--2270},
	year={2018},
	publisher={IEEE}
}

@article{kleineberg2017collective,
	title={Collective navigation of complex networks: Participatory greedy routing},
	author={Kleineberg, Kaj-Kolja and Helbing, Dirk},
	journal={Scientific reports},
	volume={7},
	number={1},
	pages={2897},
	year={2017},
	publisher={Nature Publishing Group}
}

@article{bianconi2017emergent,
	title={Emergent hyperbolic network geometry},
	author={Bianconi, Ginestra and Rahmede, Christoph},
	journal={Scientific Reports},
	volume={7},
	pages={41974},
	year={2017},
	publisher={Nature Publishing Group}
}

@article{ganea2018hyperbolic,
	title={Hyperbolic Neural Networks},
	author={Ganea, Octavian-Eugen and B{\'e}cigneul, Gary and Hofmann, Thomas},
	journal={arXiv preprint arXiv:1805.09112},
	year={2018}
}

@inproceedings{grover2016node2vec,
	title={node2vec: Scalable feature learning for networks},
	author={Grover, Aditya and Leskovec, Jure},
	booktitle={Proceedings of the 22nd ACM SIGKDD international conference on Knowledge discovery and data mining},
	pages={855--864},
	year={2016},
	organization={ACM}
}

@article{reynolds1993hyperbolic,
	title={Hyperbolic geometry on a hyperboloid},
	author={Reynolds, William F},
	journal={The American mathematical monthly},
	volume={100},
	number={5},
	pages={442--455},
	year={1993},
	publisher={Taylor \& Francis}
}


@article{de2018representation,
	title={Representation Tradeoffs for Hyperbolic Embeddings},
	author={De Sa, Christopher and Gu, Albert and R{\'e}, Christopher and Sala, Frederic},
	journal={arXiv preprint arXiv:1804.03329},
	year={2018}
}

@article{dutkowski2011protein,
	title={Protein networks as logic functions in development and cancer},
	author={Dutkowski, Janusz and Ideker, Trey},
	journal={PLoS computational biology},
	volume={7},
	number={9},
	pages={e1002180},
	year={2011},
	publisher={Public Library of Science}
}


@article{sen2008collective,
	title={Collective classification in network data},
	author={Sen, Prithviraj and Namata, Galileo and Bilgic, Mustafa and Getoor, Lise and Galligher, Brian and Eliassi-Rad, Tina},
	journal={AI magazine},
	volume={29},
	number={3},
	pages={93},
	year={2008}
}

@article{yang2016revisiting,
	title={Revisiting semi-supervised learning with graph embeddings},
	author={Yang, Zhilin and Cohen, William W and Salakhutdinov, Ruslan},
	journal={arXiv preprint arXiv:1603.08861},
	year={2016}
}

@article{vulic2017hyperlex,
	title={Hyperlex: A large-scale evaluation of graded lexical entailment},
	author={Vuli{\'c}, Ivan and Gerz, Daniela and Kiela, Douwe and Hill, Felix and Korhonen, Anna},
	journal={Computational Linguistics},
	volume={43},
	number={4},
	pages={781--835},
	year={2017},
	publisher={MIT Press}
}

@article{bojanowski2016enriching,
	title={Enriching Word Vectors with Subword Information},
	author={Bojanowski, Piotr and Grave, Edouard and Joulin, Armand and Mikolov, Tomas},
	journal={arXiv preprint arXiv:1607.04606},
	year={2016}
}

@article{wilson2018gradient,
	title={Gradient descent in hyperbolic space},
	author={Wilson, Benjamin and Leimeister, Matthias},
	journal={arXiv preprint arXiv:1805.08207},
	year={2018}
}


@article{clough2017embedding,
	title={Embedding graphs in Lorentzian spacetime},
	author={Clough, James R and Evans, Tim S},
	journal={PloS one},
	volume={12},
	number={11},
	pages={e0187301},
	year={2017},
	publisher={Public Library of Science}
}


@article{bengio2013representation,
	title={Representation learning: A review and new perspectives},
	author={Bengio, Yoshua and Courville, Aaron and Vincent, Pascal},
	journal={IEEE transactions on pattern analysis and machine intelligence},
	volume={35},
	number={8},
	pages={1798--1828},
	year={2013},
	publisher={IEEE}
}


@article{krioukov2010hyperbolic,
	title={Hyperbolic geometry of complex networks},
	author={Krioukov, Dmitri and Papadopoulos, Fragkiskos and Kitsak, Maksim and Vahdat, Amin and Bogun{\'a}, Mari{\'a}n},
	journal={Physical Review E},
	volume={82},
	number={3},
	pages={036106},
	year={2010},
	publisher={APS}
}

@article{tenenbaum2000global,
	title={A global geometric framework for nonlinear dimensionality reduction},
	author={Tenenbaum, Joshua B and De Silva, Vin and Langford, John C},
	journal={science},
	volume={290},
	number={5500},
	pages={2319--2323},
	year={2000},
	publisher={American Association for the Advancement of Science}
}

@inproceedings{belkin2002laplacian,
	title={Laplacian eigenmaps and spectral techniques for embedding and clustering},
	author={Belkin, Mikhail and Niyogi, Partha},
	booktitle={Advances in neural information processing systems},
	pages={585--591},
	year={2002}
}

@article{mikolov2013efficient,
	title={Efficient estimation of word representations in vector space},
	author={Mikolov, Tomas and Chen, Kai and Corrado, Greg and Dean, Jeffrey},
	journal={arXiv preprint arXiv:1301.3781},
	year={2013}
}


@inproceedings{mikolov2013distributed,
	title={Distributed representations of words and phrases and their compositionality},
	author={Mikolov, Tomas and Sutskever, Ilya and Chen, Kai and Corrado, Greg S and Dean, Jeff},
	booktitle={Advances in neural information processing systems},
	pages={3111--3119},
	year={2013}
}

@inproceedings{perozzi2014deepwalk,
	title={Deepwalk: Online learning of social representations},
	author={Perozzi, Bryan and Al-Rfou, Rami and Skiena, Steven},
	booktitle={Proceedings of the 20th ACM SIGKDD international conference on Knowledge discovery and data mining},
	pages={701--710},
	year={2014},
	organization={ACM}
}


@inproceedings{tang2015line,
	title={Line: Large-scale information network embedding},
	author={Tang, Jian and Qu, Meng and Wang, Mingzhe and Zhang, Ming and Yan, Jun and Mei, Qiaozhu},
	booktitle={Proceedings of the 24th International Conference on World Wide Web},
	pages={1067--1077},
	year={2015},
	organization={International World Wide Web Conferences Steering Committee}
}


@inproceedings{grover2016node2vec,
	title={node2vec: Scalable feature learning for networks},
	author={Grover, Aditya and Leskovec, Jure},
	booktitle={Proceedings of the 22nd ACM SIGKDD international conference on Knowledge discovery and data mining},
	pages={855--864},
	year={2016},
	organization={ACM}
}

@inproceedings{mikolov2013distributed,
	title={Distributed representations of words and phrases and their compositionality},
	author={Mikolov, Tomas and Sutskever, Ilya and Chen, Kai and Corrado, Greg S and Dean, Jeff},
	booktitle={Advances in neural information processing systems},
	pages={3111--3119},
	year={2013}
}


@inproceedings{papadopoulos2010greedy,
	title={Greedy forwarding in dynamic scale-free networks embedded in hyperbolic metric spaces},
	author={Papadopoulos, Fragkiskos and Krioukov, Dmitri and Bogu{\~n}{\'a}, Mari{\'a}n and Vahdat, Amin},
	booktitle={INFOCOM, 2010 Proceedings IEEE},
	pages={1--9},
	year={2010},
	organization={IEEE}
}


@article{krioukov2010hyperbolic,
	title={Hyperbolic geometry of complex networks},
	author={Krioukov, Dmitri and Papadopoulos, Fragkiskos and Kitsak, Maksim and Vahdat, Amin and Bogun{\'a}, Mari{\'a}n},
	journal={Physical Review E},
	volume={82},
	number={3},
	pages={036106},
	year={2010},
	publisher={APS}
}

@Article{barabasi1999emergence,
	title={Emergence of scaling in random networks},
	author={Barab{\'a}si, Albert-L{\'a}szl{\'o} and Albert, R{\'e}ka},
	journal={science},
	volume={286},
	number={5439},
	pages={509--512},
	year={1999},
	publisher={American Association for the Advancement of Science}
}

@article{alanis2016manifold,
	title={Manifold learning and maximum likelihood estimation for hyperbolic network embedding},
	author={Alanis-Lobato, Gregorio and Mier, Pablo and Andrade-Navarro, Miguel A},
	journal={Applied Network Science},
	volume={1},
	number={1},
	pages={10},
	year={2016},
	publisher={Springer}
}

@Article{alanis2016efficient,
	title={Efficient embedding of complex networks to hyperbolic space via their Laplacian},
	author={Alanis-Lobato, Gregorio and Mier, Pablo and Andrade-Navarro, Miguel A},
	journal={Scientific Reports},
	volume={6},
	year={2016},
	publisher={Nature Publishing Group}
}


@article{thomas2016machine,
	title={Machine learning meets network science: dimensionality reduction for fast and efficient embedding of networks in the hyperbolic space},
	author={Thomas, Josephine Maria and Muscoloni, Alessandro and Ciucci, Sara and Bianconi, Ginestra and Cannistraci, Carlo Vittorio},
	journal={arXiv preprint arXiv:1602.06522},
	year={2016}
}
@article{papadopoulos2015networkgeo,
	title={Network geometry inference using common neighbors},
	author={Papadopoulos, Fragkiskos and Aldecoa, Rodrigo and Krioukov, Dmitri},
	journal={Physical Review E},
	volume={92},
	number={2},
	pages={022807},
	year={2015},
	publisher={APS}
}


@article{papadopoulos2015network,
	title={Network mapping by replaying hyperbolic growth},
	author={Papadopoulos, Fragkiskos and Psomas, Constantinos and Krioukov, Dmitri},
	journal={IEEE/ACM Transactions on Networking (TON)},
	volume={23},
	number={1},
	pages={198--211},
	year={2015},
	publisher={IEEE Press}
}

@article{nickel2017poincar,
	title={Poincar$\backslash$'e Embeddings for Learning Hierarchical Representations},
	author={Nickel, Maximilian and Kiela, Douwe},
	journal={arXiv preprint arXiv:1705.08039},
	year={2017}
}


@article{papadopoulos2011popularity,
	title={Popularity versus similarity in growing networks},
	author={Papadopoulos, Fragkiskos and Kitsak, Maksim and Serrano, M and Bogun{\'a}, Mari{\'a}n and Krioukov, Dmitri},
	journal={arXiv preprint arXiv:1106.0286},
	year={2011}
}

@article{krioukov2009curvature,
	title={Curvature and temperature of complex networks},
	author={Krioukov, Dmitri and Papadopoulos, Fragkiskos and Vahdat, Amin and Bogu{\~n}{\'a}, Mari{\'a}n},
	journal={Physical Review E},
	volume={80},
	number={3},
	pages={035101},
	year={2009},
	publisher={APS}
}



@inproceedings{krizhevsky2012imagenet,
  title={Imagenet classification with deep convolutional neural networks},
  author={Krizhevsky, Alex and Sutskever, Ilya and Hinton, Geoffrey E},
  booktitle={Advances in neural information processing systems},
  pages={1097--1105},
  year={2012}
}

@inproceedings{defferrard2016convolutional,
	title={Convolutional neural networks on graphs with fast localized spectral filtering},
	author={Defferrard, Micha{\"e}l and Bresson, Xavier and Vandergheynst, Pierre},
	booktitle={Advances in Neural Information Processing Systems},
	pages={3844--3852},
	year={2016}
}

@article{kipf2016semi,
	title={Semi-supervised classification with graph convolutional networks},
	author={Kipf, Thomas N and Welling, Max},
	journal={arXiv preprint arXiv:1609.02907},
	year={2016}
}

@article{susnjara2015accelerated,
	title={Accelerated filtering on graphs using lanczos method},
	author={Susnjara, Ana and Perraudin, Nathana{\"e}l and Kressner, Daniel and Vandergheynst, Pierre},
	journal={arXiv preprint arXiv:1509.04537},
	year={2015}
}

@inproceedings{he2016deep,
	title={Deep residual learning for image recognition},
	author={He, Kaiming and Zhang, Xiangyu and Ren, Shaoqing and Sun, Jian},
	booktitle={Proceedings of the IEEE conference on computer vision and pattern recognition},
	pages={770--778},
	year={2016}
}

@article{hamilton2017inductive,
	title={Inductive Representation Learning on Large Graphs},
	author={Hamilton, William L and Ying, Rex and Leskovec, Jure},
	journal={arXiv preprint arXiv:1706.02216},
	year={2017}
}

@inproceedings{niepert2016learning,
	title={Learning convolutional neural networks for graphs},
	author={Niepert, Mathias and Ahmed, Mohamed and Kutzkov, Konstantin},
	booktitle={International Conference on Machine Learning},
	pages={2014--2023},
	year={2016}
}


@inproceedings{hinton2011transforming,
	title={Transforming auto-encoders},
	author={Hinton, Geoffrey E and Krizhevsky, Alex and Wang, Sida D},
	booktitle={International Conference on Artificial Neural Networks},
	pages={44--51},
	year={2011},
	organization={Springer}
}


@inproceedings{sabour2017dynamic,
	title={Dynamic routing between capsules},
	author={Sabour, Sara and Frosst, Nicholas and Hinton, Geoffrey E},
	booktitle={Advances in Neural Information Processing Systems},
	pages={3859--3869},
	year={2017}
}

